%% This BibTeX bibliography file was created using BibDesk.
%% http://bibdesk.sourceforge.net/

%% Created for James Alvey at 2018-03-22 10:26:34 +0000 


%% Saved with string encoding Unicode (UTF-8) 



@book{mathphys,
	Author = {Peter Szekeres},
	Date-Added = {2018-03-22 10:25:19 +0000},
	Date-Modified = {2018-03-22 10:26:33 +0000},
	Publisher = {Cambridge University Press},
	Title = {A Course in Modern Mathematical Physics: Groups, Hilbert Spaces and Differential Geometry},
	Year = {2004}}

@book{dodelson,
	Author = {Scott Dodelson},
	Date-Added = {2018-03-21 15:13:23 +0000},
	Date-Modified = {2018-03-21 15:14:14 +0000},
	Publisher = {Academic Press},
	Title = {Modern Cosmology},
	Year = {2003}}

@book{manton,
	Author = {Nicholas Manton; Paul Sutcliffe},
	Date-Added = {2018-03-21 11:03:49 +0000},
	Date-Modified = {2018-03-21 11:05:37 +0000},
	Publisher = {Cambridge Monographs on Mathematical Physics},
	Title = {Topological Solitons},
	Year = {2004}}

@book{schwartz,
	Author = {Matthew D. Schwartz},
	Date-Added = {2018-03-20 15:49:57 +0000},
	Date-Modified = {2018-03-20 15:51:20 +0000},
	Publisher = {Cambridge University Press},
	Title = {Quantum Field Theory and the Standard Model},
	Year = {2014}}

@book{fuchs,
	Author = {Jurgen Fuchs; Christoph Schweigert},
	Date-Added = {2018-03-20 15:49:57 +0000},
	Date-Modified = {2018-03-20 23:01:17 +0000},
	Publisher = {Cambridge Monographs on Mathematical Physics},
	Title = {Symmetries, Lie Algebras and Representations: A graduate course for physicists},
	Year = {1997}}
